<?xml version="1.0" encoding="UTF-8"?><record xmlns="http://www.loc.gov/MARC21/slim" xmlns:cinclude="http://apache.org/cocoon/include/1.0" xmlns:zs="http://www.loc.gov/zing/srw/">
  <leader>00319nz  a2200121n  4500</leader>
  <controlfield tag="001">n  96114769 </controlfield>
  <controlfield tag="003">DLC</controlfield>
  <controlfield tag="005">19961126140320.9</controlfield>
  <controlfield tag="008">961126n| acannaab|          |n aaa ||| c</controlfield>
  <datafield tag="010" ind1=" " ind2=" ">
    <subfield code="a">n  96114769 </subfield>
  </datafield>
  <datafield tag="040" ind1=" " ind2=" ">
    <subfield code="a">CU</subfield>
    <subfield code="c">CU</subfield>
  </datafield>
  <datafield tag="100" ind1="1" ind2="0">
    <subfield code="a">Julien, Marit</subfield>
  </datafield>
  <datafield tag="670" ind1=" " ind2=" ">
    <subfield code="a">Syntactic word formation in Northern SaĚmi, 1996:</subfield>
    <subfield code="b">t.p. (Marit Julien)</subfield>
  </datafield>
</record>